<?xml version="1.0" encoding="UTF-8"?><collection xmlns="http://www.loc.gov/MARC21/slim"><record><leader>00564nam--2200193-u-4500</leader><controlfield tag="001">000056737</controlfield><controlfield tag="002">20181212</controlfield><controlfield tag="005">20181212031526</controlfield><controlfield tag="008">181212s1000------------r-----000-0-eng-d</controlfield><datafield ind1=" " ind2=" " tag="040"><subfield code="a">IFIN-HH</subfield></datafield><datafield ind1="0" ind2=" " tag="041"><subfield code="a">eng</subfield></datafield><datafield ind1="1" ind2=" " tag="100"><subfield code="a">Antoniadis, I</subfield></datafield><datafield ind1="1" ind2="0" tag="245"><subfield code="a">Susy 95. International Workshop on Supersymmetry and Unification of Fundamental Interactions</subfield><subfield code="c">I. Antoiadis, H. Videau (eds.)</subfield></datafield><datafield ind1=" " ind2=" " tag="260"><subfield code="a">Singapore</subfield><subfield code="b">Editions Frontieres</subfield><subfield code="c">1996</subfield></datafield><datafield ind1=" " ind2=" " tag="300"><subfield code="a">625 p</subfield></datafield><datafield ind1=" " ind2=" " tag="500"><subfield code="a">Donatie Ioan Ursu</subfield></datafield><datafield ind1="1" ind2=" " tag="700"><subfield code="a">H. Videau</subfield></datafield><datafield ind1=" " ind2=" " tag="852"><subfield code="a">82492</subfield><subfield code="c">I.U</subfield></datafield><datafield ind1=" " ind2=" " tag="CAT"><subfield code="a">SYS</subfield><subfield code="c">20181212</subfield><subfield code="h">031526</subfield></datafield></record></collection>